@article{2017vqa,
  title={Vqa: Visual question answering},
  author={Agrawal, Aishwarya and Lu, Jiasen and Antol, Stanislaw and Mitchell, Margaret and Zitnick, C Lawrence and Parikh, Devi and Batra, Dhruv},
  journal={International Journal of Computer Vision},
  volume={123},
  number={1},
  pages={4--31},
  year={2017},
  publisher={Springer}
}
